<record><leader>00000cas a22000007a 4500</leader><controlfield tag="001">30710436</controlfield><controlfield tag="008">940705d1906190uokuwr ne      0    0eng d</controlfield><datafield ind1=" " ind2=" " tag="010"><subfield code="a">sn 94058893 </subfield></datafield><datafield ind1=" " ind2=" " tag="040"><subfield code="a">OBN</subfield><subfield code="b">eng</subfield><subfield code="c">OBN</subfield><subfield code="d">OCL</subfield><subfield code="d">OCLCQ</subfield><subfield code="d">OCLCO</subfield></datafield><datafield ind1="1" ind2=" " tag="029"><subfield code="a">AU@</subfield><subfield code="b">000022803419</subfield></datafield><datafield ind1=" " ind2=" " tag="042"><subfield code="a">msc</subfield></datafield><datafield ind1=" " ind2=" " tag="043"><subfield code="a">n-us-ok</subfield></datafield><datafield ind1="0" ind2="0" tag="245"><subfield code="a">New State leader.</subfield></datafield><datafield ind1=" " ind2=" " tag="260"><subfield code="a">Ryan, Indian Territory [Okla.] :</subfield><subfield code="b">G.E. Cleaver, J.A. Rogers &amp; S.W. Ryan</subfield></datafield><datafield ind1=" " ind2=" " tag="300"><subfield code="a">v.</subfield></datafield><datafield ind1=" " ind2=" " tag="310"><subfield code="a">Weekly</subfield></datafield><datafield ind1="1" ind2=" " tag="362"><subfield code="a">Began in 1906.</subfield></datafield><datafield ind1=" " ind2=" " tag="588"><subfield code="a">Description based on: Vol. 1, no. 38 (Apr. 5, 1907).</subfield></datafield><datafield ind1=" " ind2="0" tag="651"><subfield code="a">Ryan (Okla.)</subfield><subfield code="v">Newspapers.</subfield></datafield><datafield ind1=" " ind2="0" tag="651"><subfield code="a">Jefferson County (Okla.)</subfield><subfield code="v">Newspapers.</subfield></datafield><datafield ind1=" " ind2="0" tag="651"><subfield code="a">Indian Territory</subfield><subfield code="v">Newspapers.</subfield></datafield><datafield ind1=" " ind2=" " tag="752"><subfield code="a">United States</subfield><subfield code="b">Oklahoma</subfield><subfield code="c">Jefferson</subfield><subfield code="d">Ryan.</subfield></datafield><datafield ind1="0" ind2="0" tag="780"><subfield code="t">Sugden leader</subfield><subfield code="w">(DLC)sn 94058888</subfield><subfield code="w">(OCoLC)30698055</subfield></datafield><datafield ind1="0" ind2="0" tag="785"><subfield code="t">Ryan leader</subfield><subfield code="w">(DLC)sn 88084180</subfield><subfield code="w">(OCoLC)18420164</subfield></datafield></record>